<?xml version="1.0" encoding="UTF-8"?><collection xmlns="http://www.loc.gov/MARC21/slim"><record><leader>00817nam--2200181-i-4500</leader><controlfield tag="001">000014938</controlfield><controlfield tag="002">20161230</controlfield><controlfield tag="005">20170210152419</controlfield><controlfield tag="008">060222s1000------------r-----000-0-fre-d</controlfield><datafield ind1=" " ind2=" " tag="040"><subfield code="a">IFIN-HH</subfield></datafield><datafield ind1=" " ind2=" " tag="041"><subfield code="a">fre</subfield></datafield><datafield ind1=" " ind2=" " tag="080"><subfield code="a">537.533.35.621.385.833</subfield></datafield><datafield ind1="1" ind2=" " tag="110"><subfield code="a">Centre National De La Recherche Scientifique</subfield></datafield><datafield ind1="1" ind2="0" tag="245"><subfield code="a">Comptes rendus du premier congres international de microscopie electronique, Paris, 14-22 septembre 1950 proceedings of the first international congress of electron microscopy</subfield><subfield code="b">Memoire hors serie no. 1publie par la societe francaise de microscopie theorique et appliquee avec le concours du centre national de recherche scientifique</subfield></datafield><datafield ind1=" " ind2=" " tag="260"><subfield code="a">Paris</subfield><subfield code="b">Editions Revue D`Optique Theorique Et Instrumentale</subfield><subfield code="c">1953</subfield></datafield><datafield ind1=" " ind2=" " tag="300"><subfield code="a">768 p</subfield></datafield><datafield ind1=" " ind2=" " tag="852"><subfield code="a">10369</subfield><subfield code="c">537.533.35</subfield></datafield><datafield ind1=" " ind2=" " tag="CAT"><subfield code="a">SYS</subfield><subfield code="c">20170210</subfield><subfield code="h">152419</subfield></datafield></record></collection>